@book{shi2000,
	title = {第三种科学方法: 计算机时代的科学计算},
	isbn = {978-7-81029-940-4},
	shorttitle = {第三种科学方法},
	language = {zh},
	publisher = {清华大学出版社有限公司},
	author = {石钟慈},
	year = {2000},
	note = {Google-Books-ID: jkMklmwsGosC}
}
